<?xml version="1.0" encoding="UTF-8"?>
<record xmlns="http://www.loc.gov/MARC21/slim"
        xmlns:oclcterms="http://purl.org/oclc/terms/"
        xmlns:dc="http://purl.org/dc/elements/1.1/"
        xmlns:diag="http://www.loc.gov/zing/srw/diagnostic/"
        xmlns:xsi="http://www.w3.org/2001/XMLSchema-instance">
   <leader>00000cam a2200000Ia 4500</leader>
   <controlfield tag="001">34728625</controlfield>
   <controlfield tag="008">960514s1996 paub b f000 0 eng </controlfield>
   <datafield ind1=" " ind2=" " tag="040">
      <subfield code="a">AGL</subfield>
      <subfield code="b">eng</subfield>
      <subfield code="c">AGL</subfield>
      <subfield code="d">WAU</subfield>
      <subfield code="d">FZU</subfield>
      <subfield code="d">OCLCO</subfield>
      <subfield code="d">OCLCA</subfield>
      <subfield code="d">OCLCF</subfield>
      <subfield code="d">OCLCQ</subfield>
      <subfield code="d">COD</subfield>
      <subfield code="d">OCLCA</subfield>
      <subfield code="d">OCLCQ</subfield>
      <subfield code="d">AGM</subfield>
      <subfield code="d">OCLCO</subfield>
   </datafield>
   <datafield ind1=" " ind2=" " tag="019">
      <subfield code="a">1231744181</subfield>
   </datafield>
   <datafield ind1=" " ind2=" " tag="041">
      <subfield code="a">eng</subfield>
   </datafield>
   <datafield ind1=" " ind2=" " tag="043">
      <subfield code="a">n-us-nh</subfield>
   </datafield>
   <datafield ind1=" " ind2="4" tag="050">
      <subfield code="a">QK174</subfield>
      <subfield code="b">.R69 1996</subfield>
   </datafield>
   <datafield ind1=" " ind2="4" tag="050">
      <subfield code="a">SD11.U56</subfield>
      <subfield code="b">no.216</subfield>
   </datafield>
   <datafield ind1="0" ind2=" " tag="070">
      <subfield code="a">SD11.U56</subfield>
      <subfield code="b">no.216</subfield>
   </datafield>
   <datafield ind1=" " ind2="0" tag="072">
      <subfield code="a">F700</subfield>
   </datafield>
   <datafield ind1="0" ind2=" " tag="086">
      <subfield code="a">A 13.88:NE-216</subfield>
   </datafield>
   <datafield ind1="1" ind2=" " tag="100">
      <subfield code="a">Royte, Joshua L.</subfield>
   </datafield>
   <datafield ind1="1" ind2="0" tag="245">
      <subfield code="a">Botanical reconnaissance of Nancy Brook Research Natural Area
              /</subfield>
      <subfield code="c">Joshua L. Royte, Daniel D. Sperduto, John P. Lortie.</subfield>
   </datafield>
   <datafield ind1=" " ind2=" " tag="260">
      <subfield code="a">Radnor, PA :</subfield>
      <subfield code="b">U.S. Dept. of Agriculture, Forest Service, Northeastern Forest
              Experiment Station,</subfield>
      <subfield code="c">[1996]</subfield>
   </datafield>
   <datafield ind1=" " ind2=" " tag="300">
      <subfield code="a">23 pages :</subfield>
      <subfield code="b">maps ;</subfield>
      <subfield code="c">28 cm.</subfield>
   </datafield>
   <datafield ind1=" " ind2=" " tag="336">
      <subfield code="a">text</subfield>
      <subfield code="b">txt</subfield>
      <subfield code="2">rdacontent</subfield>
   </datafield>
   <datafield ind1=" " ind2=" " tag="337">
      <subfield code="a">unmediated</subfield>
      <subfield code="b">n</subfield>
      <subfield code="2">rdamedia</subfield>
   </datafield>
   <datafield ind1=" " ind2=" " tag="338">
      <subfield code="a">volume</subfield>
      <subfield code="b">nc</subfield>
      <subfield code="2">rdacarrier</subfield>
   </datafield>
   <datafield ind1="1" ind2=" " tag="490">
      <subfield code="a">General technical report NE ;</subfield>
      <subfield code="v">216</subfield>
   </datafield>
   <datafield ind1=" " ind2=" " tag="500">
      <subfield code="a">Cover title.</subfield>
   </datafield>
   <datafield ind1=" " ind2=" " tag="500">
      <subfield code="a">"March 1996"--Title page verso.</subfield>
   </datafield>
   <datafield ind1=" " ind2=" " tag="530">
      <subfield code="a">Issued also electronically via World Wide Web in PDF
              format.</subfield>
   </datafield>
   <datafield ind1=" " ind2=" " tag="504">
      <subfield code="a">Includes bibliographical references (pages 10-11).</subfield>
   </datafield>
   <datafield ind1=" " ind2="0" tag="650">
      <subfield code="a">Botany</subfield>
      <subfield code="z">New Hampshire</subfield>
      <subfield code="z">Nancy Brook Research Natural Area.</subfield>
   </datafield>
   <datafield ind1=" " ind2="0" tag="651">
      <subfield code="a">Nancy Brook Research Natural Area (N.H.)</subfield>
   </datafield>
   <datafield ind1=" " ind2="7" tag="650">
      <subfield code="a">Botany.</subfield>
      <subfield code="2">fast</subfield>
      <subfield code="0">(OCoLC)fst00836869</subfield>
   </datafield>
   <datafield ind1=" " ind2="7" tag="651">
      <subfield code="a">New Hampshire</subfield>
      <subfield code="z">Nancy Brook Research Natural Area.</subfield>
      <subfield code="2">fast</subfield>
      <subfield code="0">(OCoLC)fst01300732</subfield>
   </datafield>
   <datafield ind1=" " ind2="3" tag="650">
      <subfield code="a">Forest ecology.</subfield>
   </datafield>
   <datafield ind1=" " ind2="3" tag="650">
      <subfield code="a">Ecosystems.</subfield>
   </datafield>
   <datafield ind1=" " ind2="3" tag="650">
      <subfield code="a">Plant communities.</subfield>
   </datafield>
   <datafield ind1=" " ind2="3" tag="650">
      <subfield code="a">Surveys.</subfield>
   </datafield>
   <datafield ind1="1" ind2=" " tag="700">
      <subfield code="a">Sperduto, Daniel D.</subfield>
   </datafield>
   <datafield ind1="1" ind2=" " tag="700">
      <subfield code="a">Lortie, John P.</subfield>
   </datafield>
   <datafield ind1="1" ind2=" " tag="710">
      <subfield code="a">United States.</subfield>
      <subfield code="b">Department of Agriculture.</subfield>
   </datafield>
   <datafield ind1="2" ind2=" " tag="710">
      <subfield code="a">Northeastern Forest Experiment Station (Radnor, Pa.)</subfield>
   </datafield>
   <datafield ind1="0" ind2="8" tag="776">
      <subfield code="i">Online version:</subfield>
      <subfield code="a">Royte, Joshua L.</subfield>
      <subfield code="t">Botanical reconnaissance of Nancy Brook Research Natural
              Area.</subfield>
      <subfield code="d">Radnor, PA : U.S. Dept. of Agriculture, Forest Service, Northeastern
              Forest Experiment Station, [1996]</subfield>
      <subfield code="w">(OCoLC)621516503</subfield>
   </datafield>
   <datafield ind1=" " ind2="0" tag="830">
      <subfield code="a">General technical report NE ;</subfield>
      <subfield code="v">216.</subfield>
   </datafield>
   <datafield ind1="4" ind2="1" tag="856">
      <subfield code="u">http://www.fs.fed.us/ne/newtown_square/publications/technical_reports/pdfs/scanned/gtr216.pdf</subfield>
      <subfield code="z">Connect to this title online</subfield>
   </datafield>
</record>
